<?xml version="1.0" encoding="UTF-8"?>
<collection xmlns:xsi="http://www.w3.org/2001/XMLSchema-instance" xsi:schemaLocation="http://www.loc.gov/MARC21/slim http://www.loc.gov/standards/marcxml/schema/MARC21slim.xsd" xmlns="http://www.loc.gov/MARC21/slim">
<record>
  <leader>01203cam a2200301   4500</leader>
  <controlfield tag="001">861535</controlfield>
  <controlfield tag="003">NNC</controlfield>
  <controlfield tag="005">20160118124655.0</controlfield>
  <controlfield tag="008">800912m19481967le            000 0 frem </controlfield>
  <datafield tag="010" ind1=" " ind2=" ">
    <subfield code="a">ne 68004337 </subfield>
  </datafield>
  <datafield tag="035" ind1=" " ind2=" ">
    <subfield code="a">(OCoLC)ocm06706030</subfield>
  </datafield>
  <datafield tag="035" ind1=" " ind2=" ">
    <subfield code="9">AER4724CU</subfield>
  </datafield>
  <datafield tag="035" ind1=" " ind2=" ">
    <subfield code="a">(NNC)861535</subfield>
  </datafield>
  <datafield tag="040" ind1=" " ind2=" ">
    <subfield code="a">DLC</subfield>
    <subfield code="c">ZYU</subfield>
    <subfield code="d">m.c.</subfield>
    <subfield code="d">m/c</subfield>
    <subfield code="d">ZCU</subfield>
  </datafield>
  <datafield tag="050" ind1="0" ind2=" ">
    <subfield code="a">B434</subfield>
    <subfield code="b">.A94</subfield>
  </datafield>
  <datafield tag="100" ind1="0" ind2=" ">
    <subfield code="a">Averroës,</subfield>
    <subfield code="d">1126-1198.</subfield>
  </datafield>
  <datafield tag="245" ind1="1" ind2="0">
    <subfield code="a">Tafsir Ma ba'd at-tabi'at</subfield>
    <subfield code="c">[par] Averroès. Texte arabe inédit, établi par Maurice Bouyges.</subfield>
  </datafield>
  <datafield tag="260" ind1=" " ind2=" ">
    <subfield code="a">Beyrouth,</subfield>
    <subfield code="b">Dar el-Machreq,</subfield>
    <subfield code="c">1948-67.</subfield>
  </datafield>
  <datafield tag="300" ind1=" " ind2=" ">
    <subfield code="a">3 v. in 4.</subfield>
    <subfield code="c">25 cm.</subfield>
  </datafield>
  <datafield tag="490" ind1="1" ind2=" ">
    <subfield code="a">Bibliotheca Arabica scholasticorum. Série arabe</subfield>
  </datafield>
  <datafield tag="500" ind1=" " ind2=" ">
    <subfield code="a">Editions/printings vary.</subfield>
  </datafield>
  <datafield tag="500" ind1=" " ind2=" ">
    <subfield code="a">Cover title, v. 1-2: Averroès: Tafsīr Ma ba'd aṭ-ṭabī'at (Grand commentaire de la Métaphysique) [Title in Arabic]</subfield>
  </datafield>
  <datafield tag="500" ind1=" " ind2=" ">
    <subfield code="a">A commentary on Aristotle's Metaphysics.</subfield>
  </datafield>
  <datafield tag="505" ind1="0" ind2=" ">
    <subfield code="a">v. 1. Livres petit alif, grand alif ba' gim -- v. 2. Livres dal, he zay, hha', tta' -- v. 3-4. Livres ya' et lam -- [v. 5]. Notice.</subfield>
  </datafield>
  <datafield tag="700" ind1="0" ind2=" ">
    <subfield code="a">Aristotle.</subfield>
    <subfield code="t">Metaphysics.</subfield>
  </datafield>
  <datafield tag="700" ind1="1" ind2=" ">
    <subfield code="a">Bouyges, Maurice,</subfield>
    <subfield code="e">editor.</subfield>
  </datafield>
  <datafield tag="830" ind1=" " ind2="0">
    <subfield code="a">Bibliotheca Arabica scholasticorum.</subfield>
    <subfield code="p">Série arabe.</subfield>
  </datafield>
  <datafield tag="955" ind1=" " ind2=" ">
    <subfield code="b">0022443746</subfield>
    <subfield code="d">glx</subfield>
    <subfield code="e">B434 .A94</subfield>
    <subfield code="v">v.3-4</subfield>
  </datafield>
</record>
</collection>